<?xml version="1.0" encoding="UTF-8"?><collection xmlns="http://www.loc.gov/MARC21/slim"><record><leader>00342nam--2200133-i-4500</leader><controlfield tag="001">000025198</controlfield><controlfield tag="002">20161230</controlfield><controlfield tag="005">20161230201035</controlfield><controlfield tag="008">060222s1000------------r-----000-0-eng-d</controlfield><datafield ind1=" " ind2=" " tag="080"><subfield code="a">624</subfield></datafield><datafield ind1=" " ind2=" " tag="245"><subfield code="a">Constructii noi de freze de mare productivitate</subfield></datafield><datafield ind1=" " ind2=" " tag="260"><subfield code="a">Bucuresti, I.D.T., 1960, 14 P</subfield></datafield><datafield ind1=" " ind2=" " tag="490"><subfield code="a">Conferinta Pentru Frezori</subfield></datafield><datafield ind1=" " ind2=" " tag="852"><subfield code="a">6557</subfield></datafield></record></collection>